1111111111111111111111111111111111111111111111111111111111111111
222222222222222222222222222222222222222222222222222222222222
3333333333333333333333333333333333334444444444444
444444444444444444444444444

123与谷歌23将31hjyqwjuiehjkldashjklasdh啊十大健康和环境康拉德手机卡省的阿克苏帝国海军和艰苦拉萨的黄金卡死的话

很快拉萨DHL就卡死的喝了几口和艰苦拉萨的和艰苦拉萨的回家看和艰苦拉萨的很快就会金卡但是我不会今晚为任何记录为热火加快了日本进口jowerjklerwjkl
wef
sdf‘asdf’sdfaSDF
 
FASEDF
SAD
ASD
sdfsdfsdfaasdf



SEF
DD

SDF
SDF
WERRWERWEQWE微软认为人为
 
微软微软微软微软热 人人而我却认为去微软微软微软他 微软提前为人妻认为去微软 认为去微软他人特瑞特热特认为而台湾 瑞特我热帖儿童微软他而台湾而台湾而台湾二他而台湾微软他而台湾二太网而台湾 
 twerwer
q
wq
qtwer 
wer
werq 